
%%% brain extraction
@article{wang2014knowledge,
  title={Knowledge-guided robust mri brain extraction for diverse large-scale neuroimaging studies on humans and non-human primates},
  author={Wang, Yaping and Nie, Jingxin and Yap, Pew-Thian and Li, Gang and Shi, Feng and Geng, Xiujuan and Guo, Lei and Shen, Dinggang and Alzheimer's Disease Neuroimaging Initiative and others},
  journal={PloS one},
  volume={9},
  number={1},
  pages={e77810},
  year={2014},
  publisher={Public Library of Science}
}

@article{chalela2007magnetic,
  title={Magnetic resonance imaging and computed tomography in emergency assessment of patients with suspected acute stroke: a prospective comparison},
  author={Chalela, Julio A and Kidwell, Chelsea S and Nentwich, Lauren M and Luby, Marie and Butman, John A and Demchuk, Andrew M and Hill, Michael D and Patronas, Nicholas and Latour, Lawrence and Warach, Steven},
  journal={The Lancet},
  volume={369},
  number={9558},
  pages={293--298},
  year={2007},
  publisher={Elsevier}
}

@article{schellinger1999standardized,
  title={A standardized MRI stroke protocol comparison with CT in hyperacute intracerebral hemorrhage},
  author={Schellinger, Peter D and Jansen, Olav and Fiebach, Jochen B and Hacke, Werner and Sartor, Klaus},
  journal={Stroke},
  volume={30},
  number={4},
  pages={765--768},
  year={1999},
  publisher={Am Heart Assoc}
}


@article{dice_measures_1945,
	title = {Measures of the amount of ecologic association between species},
	volume = {26},
	url = {http://www.jstor.org/stable/1932409},
	pages = {297--302},
	number = {3},
	journal= {Ecology},
	author = {Dice, Lee R.},
	urldate = {2014-09-09},
	year = {1945}
}


@incollection{morgan_preliminary_2008_mistie,
	title = {Preliminary findings of the minimally-invasive surgery plus {rtPA} for intracerebral hemorrhage evacuation ({MISTIE}) clinical trial},
	url = {http://link.springer.com/chapter/10.1007/978-3-211-09469-3_30},
	pages = {147--151},
	booktitle = {Cerebral Hemorrhage},
	publisher = {Springer},
	author = {Morgan, T. and Zuccarello, M. and Narayan, R. and Keyl, P. and Lane, K. and Hanley, D.},
	urldate = {2014-09-09},
	year = {2008}

}


@incollection{morgan_preliminary_2008_clear,
  title={Preliminary report of the clot lysis evaluating accelerated resolution of intraventricular hemorrhage (CLEAR-IVH) clinical trial},
  author={Morgan, T and Awad, I and Keyl, P and Lane, K and Hanley, D},
  booktitle={Cerebral Hemorrhage},
  pages={217--220},
  year={2008},
  publisher={Springer}
}

@Article{cleveland_local_1992,
  title = {Local regression models},
  url = {ftp://plan9mail.cs.bell-labs.com/cm/ms/departments/sia/doc/smoothing_econhb.ps},
  urldate = {2014-09-11},
  journal = {Statistical models in S},
  author = {William S. Cleveland and Eric Grosse and William M. Shyu},
  year = {1992},
  pages = {309--376},
}

@Manual{RCORE,
	title = {R: A Language and Environment for Statistical Computing},
	author = {{R Core Team}},
	organization = {R Foundation for Statistical Computing},
	address = {Vienna, Austria},
	year = {2015},
	url = {https://www.R-project.org/}
}